<record><leader>00000cas a22000007a 4500</leader><controlfield tag="001">13999741</controlfield><controlfield tag="008">860801d19041920wiuwr ne      0    0swe d</controlfield><datafield ind1=" " ind2=" " tag="010"><subfield code="a">sn 86086265 </subfield></datafield><datafield ind1=" " ind2=" " tag="040"><subfield code="a">NPV</subfield><subfield code="b">eng</subfield><subfield code="c">NPV</subfield><subfield code="d">MN#</subfield><subfield code="d">MHN</subfield><subfield code="d">OCL</subfield><subfield code="d">OCLCQ</subfield></datafield><datafield ind1=" " ind2=" " tag="042"><subfield code="a">msc</subfield></datafield><datafield ind1=" " ind2=" " tag="045"><subfield code="a">x0--</subfield></datafield><datafield ind1=" " ind2=" " tag="052"><subfield code="a">4123</subfield><subfield code="b">D7</subfield></datafield><datafield ind1="0" ind2=" " tag="130"><subfield code="a">Svenska amerikanska tribunen (Superior, Wis.)</subfield></datafield><datafield ind1="1" ind2="0" tag="245"><subfield code="a">Svenska amerikanska tribunen.</subfield></datafield><datafield ind1="1" ind2="3" tag="246"><subfield code="a">Sv. amerik. tribunen</subfield></datafield><datafield ind1=" " ind2=" " tag="260"><subfield code="a">Superior, Wis. :</subfield><subfield code="b">Interstate Swedish Publ. &amp; Print.,</subfield><subfield code="c">1904-</subfield></datafield><datafield ind1=" " ind2=" " tag="300"><subfield code="a">v.</subfield></datafield><datafield ind1=" " ind2=" " tag="310"><subfield code="a">Weekly</subfield></datafield><datafield ind1="0" ind2=" " tag="362"><subfield code="a">15 de a&#778;rg., no. 33 (19 aug. 1904)- = lo&#776;pande No. 742-</subfield></datafield><datafield ind1="1" ind2=" " tag="362"><subfield code="a">Ceased in Dec. 1920.</subfield></datafield><datafield ind1=" " ind2=" " tag="752"><subfield code="a">United States</subfield><subfield code="b">Wisconsin</subfield><subfield code="c">Douglas</subfield><subfield code="d">Superior.</subfield></datafield><datafield ind1="0" ind2="4" tag="780"><subfield code="t">Frihet (Ironwood, Mich.)</subfield><subfield code="w">(DLC)sn 96077069</subfield><subfield code="w">(OCoLC)35564279</subfield></datafield><datafield ind1="0" ind2="4" tag="780"><subfield code="t">Wisconsin svenska tribun</subfield><subfield code="w">(DLC)sn 86086264</subfield><subfield code="w">(OCoLC)13999808</subfield></datafield><datafield ind1="0" ind2="7" tag="785"><subfield code="t">Duluth posten</subfield><subfield code="w">(DLC)sn 90059135</subfield><subfield code="w">(OCoLC)1567060</subfield></datafield><datafield ind1="0" ind2="7" tag="785"><subfield code="t">Svenska amerikanska tribunen, Duluth posten</subfield><subfield code="w">(DLC)sn 83025279</subfield><subfield code="w">(OCoLC)9362337</subfield></datafield><datafield ind1="1" ind2=" " tag="029"><subfield code="a">AU@</subfield><subfield code="b">000022774937</subfield></datafield></record>